<?xml version="1.0" encoding="UTF-8"?><collection xmlns="http://www.loc.gov/MARC21/slim"><record><leader>00350nam--2200121-i-4500</leader><controlfield tag="001">000018123</controlfield><controlfield tag="002">20161230</controlfield><controlfield tag="005">20161230201032</controlfield><controlfield tag="008">060222s1000------------r-----000-0-eng-d</controlfield><datafield ind1=" " ind2=" " tag="080"><subfield code="a">669.131.622</subfield></datafield><datafield ind1=" " ind2=" " tag="245"><subfield code="a">Fonta de inalta rezistenta.extrase.traducere din limba rusa</subfield></datafield><datafield ind1=" " ind2=" " tag="260"><subfield code="a">Bucuresti, Institutul De Documentare Tehnica, 1955.  273 P</subfield></datafield><datafield ind1=" " ind2=" " tag="852"><subfield code="a">26410</subfield></datafield></record></collection>